@inproceedings{scholkopf1997kernel,
  title={Kernel principal component analysis},
  author={Sch{\"o}lkopf, Bernhard and Smola, Alexander and M{\"u}ller, Klaus-Robert},
  booktitle={International Conference on Artificial Neural Networks},
  pages={583--588},
  year={1997},
  organization={Springer}
}

@article{kim2002face,
	title={Face recognition using kernel principal component analysis},
	author={Kim, Kwang In and Jung, Keechul and Kim, Hang Joon},
	journal={IEEE signal processing letters},
	volume={9},
	number={2},
	pages={40--42},
	year={2002},
	publisher={IEEE}
}

@article{muller2001introduction,
	title={An introduction to kernel-based learning algorithms},
	author={Muller, K-R and Mika, Sebastian and Ratsch, Gunnar and Tsuda, Koji and Scholkopf, Bernhard},
	journal={IEEE transactions on neural networks},
	volume={12},
	number={2},
	pages={181--201},
	year={2001},
	publisher={IEEE}
}

@article{scholkopf1998nonlinear,
	title={Nonlinear component analysis as a kernel eigenvalue problem},
	author={Sch{\"o}lkopf, Bernhard and Smola, Alexander and M{\"u}ller, Klaus-Robert},
	journal={Neural computation},
	volume={10},
	number={5},
	pages={1299--1319},
	year={1998},
	publisher={MIT Press}
}

@article{lecun1998gradient,
	title={Gradient-based learning applied to document recognition},
	author={LeCun, Yann and Bottou, L{\'e}on and Bengio, Yoshua and Haffner, Patrick},
	journal={Proceedings of the IEEE},
	volume={86},
	number={11},
	pages={2278--2324},
	year={1998},
	publisher={IEEE}
}